<?xml version="1.0" encoding="UTF-8" standalone="yes"?>
<Document xmlns="urn:iso:std:iso:20022:tech:xsd:pain.008.003.02">
  <CstmrDrctDbtInitn>
    <GrpHdr>
      <MsgId>
        4924-0010464311-2016022513255800922
      </MsgId>
      <CreDtTm>2016-02-25T13:25:48.000+01:00</CreDtTm>
      <NbOfTxs>1</NbOfTxs>
      <CtrlSum>12.12</CtrlSum>
      <InitgPty>
        <Nm>
          Kd.-Nr. 104643
        </Nm>
      </InitgPty>
    </GrpHdr>
    <PmtInf>
      <PmtInfId>4924-0010464311-2016022513255800922</PmtInfId>
      <PmtMtd>DD</PmtMtd>
      <BtchBookg>true</BtchBookg>
      <NbOfTxs>1</NbOfTxs>
      <CtrlSum>12.12</CtrlSum>
      <PmtTpInf>
        <SvcLvl>
          <Cd>SEPA</Cd>
        </SvcLvl>
        <LclInstrm>
          <Cd>COR1</Cd>
        </LclInstrm>
        <SeqTp>OOFF</SeqTp>
      </PmtTpInf>
      <ReqdColltnDt>2016-02-29</ReqdColltnDt>
      <Cdtr>
        <Nm>Bajorat, Andre M.</Nm>
      </Cdtr>
      <CdtrAcct>
        <Id>
          <IBAN>DE68499999240010464311</IBAN>
        </Id>
        <Ccy>EUR</Ccy>
      </CdtrAcct>
      <CdtrAgt>
        <FinInstnId>
          <BIC>GENODE40924</BIC>
        </FinInstnId>
      </CdtrAgt>
      <CdtrSchmeId>
        <Id>
          <PrvtId>
            <Othr>
              <Id>DE07ZZZ00000063475</Id>
              <SchmeNm>
                <Prtry>SEPA</Prtry>
              </SchmeNm>
            </Othr>
          </PrvtId>
        </Id>
      </CdtrSchmeId>
      <DrctDbtTxInf>
        <PmtId>
          <InstrId>4924-0010464311-2016022513255800922</InstrId>
          <EndToEndId>NOTPROVIDED</EndToEndId>
        </PmtId>
        <InstdAmt Ccy="EUR">12.12</InstdAmt>
        <DrctDbtTx>
          <MndtRltdInf>
            <MndtId>figotest</MndtId>
            <DtOfSgntr>2016-02-20</DtOfSgntr>
          </MndtRltdInf>
        </DrctDbtTx>
        <DbtrAgt>
          <FinInstnId>
            <BIC>COBADEFFXXX</BIC>
          </FinInstnId>
        </DbtrAgt>
        <Dbtr>
          <Nm>MUSTERMANN</Nm>
        </Dbtr>
        <DbtrAcct>
          <Id>
            <IBAN>DE10200400000522729300</IBAN>
          </Id>
        </DbtrAcct>
        <RmtInf>
          <Ustrd>lorem ipsum von Coba AMB</Ustrd>
        </RmtInf>
      </DrctDbtTxInf>
    </PmtInf>
  </CstmrDrctDbtInitn>
</Document>
